
@article{antoni2019,
	title = {The {Research} {Data} {Centre} of the {German} {Federal} {Employment} {Agency} at the {Institute} for {Employment} {Research} ({RDC}-{IAB}) - {Linked} {Microdata} for {Labour} {Market} {Research}},
	volume = {4},
	url = {https://doi.org/10.23889/ijpds.v4i2.1141},
	doi = {10.23889/ijpds.v4i2.1141},
	number = {2},
	journal = {International Journal of Population Data Science},
	author = {Antoni, Manfred and Schmucker, Alexandra},
	year = {2019}
}

@techreport{statistikderbundesagenturfurarbeit2018,
	title = {Grundlagen: {Definitionen} - {Statistische} {Geheimhaltung}: {Rechtliche} {Grundlagen} und fachliche {Regelungen} der {Statistik} der {Bundesagentur} für {Arbeit}},
	url = {https://statistik.arbeitsagentur.de/Statischer-Content/Grundlagen/Rechtsgrundlagen/Statistische-Geheimhaltung/Generische-Publikationen/Statistische-Geheimhaltung.pdf},
	author = {{Statistik der Bundesagentur für Arbeit}},
	month = oct,
	year = {2018}
}

@techreport{bender2011,
	type = {{FDZ} {Methodenreport}},
	title = {The {Research}-{Data}-{Centre} in {Research}-{Data}-{Centre} approach: a first step towards decentralised international data sharing},
	number = {07/2011 (en)},
	author = {Bender, Stefan and Heining, Jörg},
	year = {2011},
	keywords = {Bundesagentur für Arbeit, Datenzugang, Forschungsdatenzentrum, IAB}
}

@book{bmasbundesministeriumfurarbeitundsoziales2017,
	address = {Berlin},
	title = {Lebenslagen in {Deutschland}. {Der} {Fürnfte} {Armuts}- und {Reichtumsbericht} der {Bundesregierung}},
	publisher = {Bundesministerium für Arbeit und Soziales},
	author = {{BMAS (Bundesministerium für Arbeit und Soziales)}},
	year = {2017}
}

@book{bmfsfjbundesministeriumfurfamilieseniorenfrauenundjugend2017,
	address = {Berlin},
	title = {Zweiter {Gleichstellungsbericht} der {Bundesregierung}},
	url = {https://www.bmfsfj.de/bmfsfj/service/publikationen/zweiter-gleichstellungsbericht-der-bundesregierung/119796},
	publisher = {Bundesministerium für Familie, Senioren, Frauen und Jugend},
	author = {{BMFSFJ (Bundesministerium für Familie, Senioren, Frauen und Jugend)}},
	year = {2017}
}

@article{boll2015,
	title = {Entstehung des {Gender} {Pay} {Gap} im {Lebensverlauf}},
	volume = {23},
	journal = {Neue Zeitschrift für Familienrecht},
	author = {Boll, Christina},
	year = {2015},
	pages = {1089--1093}
}

@article{bradley2019,
	title = {Labor {Market} {Reforms}: an {Evaluation} of the {Hartz} {Policies} in {Germany}},
	volume = {113},
	doi = {10.1016/j.euroecorev.2018.12.008},
	journal = {European Economic Review},
	author = {Bradley, Jake and Kügler, Alice},
	year = {2019},
	pages = {108--135}
}

@techreport{card2015,
	type = {{FDZ} {Methodenreport}},
	title = {{CHK} effects},
	number = {06/2015 (en)},
	author = {Card, David and Heining, Jörg and Kline, Patrick},
	year = {2015}
}

@techreport{heining2012,
	type = {{FDZ} {Methodenreport}},
	title = {Technical and organisational measures for remote access to the micro data of the {Research} {Data} {Centre} of the {Federal} {Employment} {Agency}},
	url = {http://doku.iab.de/fdz/reporte/2012/MR_08-12_EN.pdf},
	number = {08/2012 (en)},
	author = {Heining, Jörg and Bender, Stefan},
	year = {2012}
}

@article{hochfellner2014,
	title = {Privacy in {Confidential} {Administrative} {Micro} {Data}: {Implementing} {Statistical} {Disclosure} {Control} in a {Secure} {Computing} {Environment}},
	volume = {9},
	doi = {10.1177/1556264614552799},
	number = {5},
	journal = {Journal of Empirical Research on Human Research Ethics},
	author = {Hochfellner, Daniela and Müller, Dana and Schmucker, Alexandra},
	year = {2014},
	pages = {8--15}
}

@article{hochfellner2012,
	title = {Biographical data of social insurance agencies in {Germany} - improving the content of administrative data},
	volume = {132},
	doi = {10.3790/schm.132.3.443},
	number = {3},
	journal = {Schmollers Jahrbuch},
	author = {Hochfellner, Daniela and Müller, Dana and Wurdack, Anja},
	year = {2012},
	pages = {443--451}
}

@techreport{jacobebbinghaus2010,
	type = {{FDZ} {Methodenreport}},
	title = {How to use data swapping to create useful dummy data for panel datasets},
	url = {http://doku.iab.de/fdz/reporte/2010/MR_03-10-EN.pdf},
	number = {03/2010 (en)},
	author = {Jacobebbinghaus, Peter and Müeller, Dana and Orban, Agnes},
	year = {2010}
}

@article{kvikommissionzurverbesserungderinformationelleninfrastrukturzwischenwissenschaftundstatistik2001,
	title = {Towards an {Improved} {Statistical} {Infrastructure}: {Summary} {Report} of the {Commission} set up by the {Federal} {Ministry} of {Education} and {Research} ({Germany}) to {Improve} the {Statistical} {Infrastructure} in {Cooperation} the {Scientific} {Community} and {Official} {Statistics}},
	volume = {121},
	url = {https://www.ratswd.de/dl/downloads/kvi_e_0.pdf},
	number = {3},
	journal = {Schmollers Jahrbuch},
	author = {KVI (Kommission zur Verbesserung der informationellen Infrastruktur zwischen Wissenschaft und Statistik)},
	year = {2001},
	pages = {443--468}
}

@techreport{laible2020,
	type = {{FDZ} {Datenreport}},
	title = {New opportunities for comparative cross-country research in {France} and {Germany}},
	url = {doi.org/10.5164/IAB.FDZD.2003.en.v1},
	number = {03/2020},
	author = {Laible, Marie-Christine and Seilles, Marine and Alkhoury, Maria and Fleureux, Raphaëlle},
	year = {2020}
}

@article{lucke2018,
	title = {When protection puts you in jeopardy. {How} removing small-business clauses affects employment duration},
	volume = {32},
	url = {https://dx.doi.org/10.1111/labr.12124},
	doi = {10.1111/labr.12124},
	number = {4},
	journal = {Labour},
	author = {Lücke, Christine},
	year = {2018},
	pages = {213--236}
}

@techreport{mindestlohnkommission2016,
	address = {Berlin},
	title = {Erster {Bericht} zu den {Auswirkungen} des {Gesetzlichen} {Mindestlohns}. {Bericht} der {Mindestlohnkommission} an die {Bundesregierung} nach § 9 {Abs}. 4 {Mindestlohngesetz}},
	institution = {Mindestlohnkommission},
	author = {{Mindestlohnkommission}},
	year = {2016}
}

@book{mindestlohnkommission2016a,
	address = {Berlin},
	title = {Zweiter {Bericht} zu den {Auswirkungen} des {Gesetzlichen} {Mindestlohns}. {Bericht} der {Mindestlohnkommission} an die {Bundesregierung} nach {\textbackslash}{S} 9 {Abs}. 4 {Mindestlohngesetz}},
	url = {https://www.mindestlohn-kommission.de/DE/Bericht/pdf/Bericht2018.pdf?__blob=publicationFile&v=6},
	publisher = {Mindestlohnkommission},
	author = {{Mindestlohnkommission}},
	year = {2016}
}

@incollection{muller2019,
	address = {Cham},
	title = {Giving the {International} {Scientific} {Community} {Access} to {German} {Labor} {Market} {Data}: {A} {Success} {Story}},
	url = {https://doi.org/10.1007/978-3-319-78461-8_7},
	booktitle = {Data-{Driven} {Policy} {Impact} {Evaluation}: {How} {Access} to {Microdata} is {Transforming} {Policy} {Design}},
	publisher = {Springer International Publishing},
	author = {Müller, Dana and Möller, Joachim},
	editor = {Crato, Nuno and Paruolo, Paolo},
	year = {2019},
	doi = {10.1007/978-3-319-78461-8_7},
	keywords = {Administrative data, Data access, Data linkages, Data security, Evaluation of labor market policies, Evidence-based policy, Remote data processing, Research data centers},
	pages = {101--117}
}

@article{muller2020,
	title = {German labour market data - {Data} provision and access for the international scientific community},
	url = {http://dx.doi.org/10.1515/ger-2019-0127},
	journal = {German Economic Review},
	author = {Müller, Dana and Wolter, Stefanie},
	year = {2020}
}

@techreport{ratswdgermandataforum2019,
	address = {Berlin},
	title = {Activities {Report} 2018 of the {Research} {Data} {Centres} ({RDCs}) accredited by the {German} {Data} {Forum} ({RatSWD})},
	url = {https://doi.org/10.17620/02671.44},
	institution = {German Data Forum (RatSWD)},
	author = {{RatSWD (German Data Forum)}},
	year = {2019}
}

@article{riphahn2019,
	title = {Institutional reforms of 2006 and the dramatic rise in old-age employment in {Germany}},
	url = {https://dx.doi.org/10.1177/0019793919863378},
	journal = {Industrial \& Labor Relations Review},
	author = {Riphahn, Regina T. and Schrader, Rebecca},
	year = {2019}
}

@book{rwirheinisch-westfalischesinstitutfurwirtschaftsforschung2016,
	address = {Berlin},
	title = {Risiken atypischer {Beschäftigungsformen} für die berufliche {Entwicklung} und {Erwerbseinkommen} im {Lebensverlauf}},
	publisher = {Bundesministerium für Arbeit und Soziales (BMAS)},
	author = {RWI (Rheinisch-Westfälisches Institut für Wirtschaftsforschung)},
	year = {2016}
}

@article{schmieder2016,
	title = {The {Effect} of {Unemployment} {Benefits} and {Nonemployment} {Durations} on {Wages}},
	volume = {106},
	doi = {10.1257/aer.20141566},
	number = {3},
	journal = {American Economic Review},
	author = {Schmieder, Johannes and Wachter von, Till and Bender, Stefan},
	year = {2016},
	pages = {739--777}
}

@article{schumann2017,
	title = {The {Effects} of {Minimum} {Wages} on {Firm}-financed {Apprenticeship} {Training}},
	volume = {47},
	doi = {10.1016/j.labeco.2017.05.002},
	journal = {Labour Economics},
	author = {Schumann, Mathias},
	year = {2017},
	pages = {163--181}
}

@techreport{wirth2019,
	address = {Berlin},
	type = {{RatSWD} {Output}},
	title = {Remote {Access} zu {Daten} der amtlichen {Statistik} und der {Sozialversicherungsträger}},
	url = {https://doi.org/10.17620/02671.42},
	number = {5 (6)},
	institution = {Rat für Sozial- und Wirtschaftsdaten (RatSWD)},
	author = {Wirth, Heike and Rockmann, Ulrike and Müller, Dana and Goebel, Jan and Mika, Tatjana},
	year = {2019}
}

@techreport{wolter2018,
	type = {{FDZ} {Methodenreport}},
	title = {Die {FDZ}-{Nutzerbefragung} 2017 - {Ergebnisse} und {Herausforderungen}},
	url = {https://doi.org/10.5164/IAB.FDZM.1805.de.v1},
	number = {05/2018},
	author = {Wolter, Stefanie and vom Berge, Philipp},
	year = {2018}
}

@misc{ratswdgermandataforum,
	title = {Research {Data} {Centers}: {Data} {Access} for {Science} and {Research} – the "{Research} {Data} {Centre}" success story},
	url = {https://www.ratswd.de/en/data-infrastructure/rdc},
	urldate = {2020-06-15},
	author = {{RatSWD (German Data Forum)}}
}
