
@misc{university_of_bristol_safepod_nodate,
	title = {{SafePod} {\textbar} {Staff} {\textbar} {University} of {Bristol}},
	copyright = {https://www.bristol.ac.uk/style-guides/web/policies/legal/terms/},
	url = {http://www.bris.ac.uk/staff/researchers/data/safepod/},
	language = {en-GB},
	urldate = {2020-06-18},
	author = {University of Bristol},
	note = {Library Catalog: www.bris.ac.uk
Publisher: University of Bristol},
	file = {Snapshot:C\:\\Users\\Jim\\Zotero\\storage\\HW9LFDWC\\safepod.html:text/html}
}

@misc{government_of_canada_system_2011,
	title = {System limitations},
	url = {https://www.statcan.gc.ca/eng/rtra/limitation},
	abstract = {Information on the limitations of the Real Time Remote Access (RTRA) system.},
	language = {eng},
	urldate = {2020-06-17},
	author = {Government of Canada, Statistics Canada},
	month = nov,
	year = {2011},
	note = {Last Modified: 2018-03-27
Library Catalog: www.statcan.gc.ca},
	file = {Snapshot:C\:\\Users\\Jim\\Zotero\\storage\\NF6D2QYU\\limitation.html:text/html;Snapshot:C\:\\Users\\Jim\\Zotero\\storage\\Q55LVYLS\\limitation.html:text/html}
}

@misc{office_for_national_statistics_accessing_nodate,
	title = {Accessing secure research data as an accredited researcher - {Office} for {National} {Statistics}},
	url = {https://www.ons.gov.uk/aboutus/whatwedo/statistics/requestingstatistics/approvedresearcherscheme},
	urldate = {2020-06-21},
	author = {Office for National Statistics},
	file = {Accessing secure research data as an accredited researcher - Office for National Statistics:C\:\\Users\\Jim\\Zotero\\storage\\QHVBE6CG\\approvedresearcherscheme.html:text/html}
}

@misc{united_states_census_bureau_federal_nodate,
	title = {Federal {Statistical} {Research} {Data} {Centers}},
	url = {https://www.census.gov/fsrdc},
	abstract = {The Federal Statistical System Research Data Centers are partnerships between federal statistical agencies and leading research institutions.},
	language = {EN-US},
	urldate = {2020-06-21},
	journal = {The United States Census Bureau},
	author = {United States Census Bureau},
	note = {Library Catalog: www.census.gov
Section: Government},
	file = {Snapshot:C\:\\Users\\Jim\\Zotero\\storage\\2A7EAPFD\\fsrdc.html:text/html}
}

@misc{national_center_for_education_statistics_restricted-use_nodate,
	title = {Restricted-{Use} {Data} {Procedures} {Manual}},
	url = {https://nces.ed.gov/statprog/rudman/},
	abstract = {The Restricted-Use Data Procedures Manual will be provided to organizations interested in obtaining restricted-use data, and to licensed organizations who currently have access to restricted-use data.},
	language = {EN},
	urldate = {2020-06-21},
	author = {National Center for Education Statistics},
	note = {Library Catalog: nces.ed.gov
Publisher: National Center for Education Statistics},
	file = {Snapshot:C\:\\Users\\Jim\\Zotero\\storage\\5JFKC9EH\\rudman.html:text/html}
}

@misc{united_states_census_bureau_hosting_nodate,
	title = {Hosting an {RDC} at your {Institution}},
	url = {https://www.census.gov/about/adrm/fsrdc/about/hostrdc.html},
	abstract = {Interested in hosting a Federal Statistical Research Data Center at your institution? Find out how.},
	language = {EN-US},
	urldate = {2020-06-21},
	journal = {The United States Census Bureau},
	author = {United States Census Bureau},
	note = {Library Catalog: www.census.gov
Section: Government},
	file = {Snapshot:C\:\\Users\\Jim\\Zotero\\storage\\LG5H5B9T\\hostrdc.html:text/html}
}
